<?xml version="1.0" encoding="UTF-8"?><collection xmlns="http://www.loc.gov/MARC21/slim"><record><leader>00531nam--2200169-u-4500</leader><controlfield tag="001">000052245</controlfield><controlfield tag="002">20161230</controlfield><controlfield tag="005">20161230201050</controlfield><controlfield tag="008">100604s1000------------r-----000-0-eng-d</controlfield><datafield ind1=" " ind2=" " tag="040"><subfield code="a">IFIN-HH</subfield></datafield><datafield ind1=" " ind2=" " tag="080"><subfield code="a">529.217 (043)</subfield></datafield><datafield ind1="1" ind2=" " tag="100"><subfield code="a">Georgin, Jean-Pierre</subfield></datafield><datafield ind1="1" ind2="0" tag="245"><subfield code="a">Controle des chaines de Markov sur desw espaces arbitraires. Estimation et controle optimal dans le cadre adaptif. These</subfield><subfield code="c">Jean Pierre Georgin</subfield></datafield><datafield ind1=" " ind2=" " tag="260"><subfield code="a">Paris</subfield><subfield code="b">Centre D'Orsay</subfield><subfield code="c">1977</subfield></datafield><datafield ind1=" " ind2=" " tag="300"><subfield code="a">115 p</subfield></datafield><datafield ind1=" " ind2=" " tag="852"><subfield code="a">46314</subfield><subfield code="c">519.2</subfield></datafield><datafield ind1=" " ind2=" " tag="CAT"><subfield code="a">Sys</subfield><subfield code="c">20100604</subfield><subfield code="h">122206</subfield></datafield></record></collection>